@inproceedings{kumar2024enhanced,
  title={Enhanced precision Multi-Crop farming using Machine Learning Recommendations},
  author={Kumar, E Prem and Priyadarshini, R},
  booktitle={2024 International Conference on Advances in Computing, Communication and Applied Informatics (ACCAI)},
  pages={1--8},
  year={2024},
  organization={IEEE}
}

@INPROCEEDINGS{9214190,
  author={Kalimuthu, M. and Vaishnavi, P. and Kishore, M.},
  booktitle={2020 Third International Conference on Smart Systems and Inventive Technology (ICSSIT)}, 
  title={Crop Prediction using Machine Learning}, 
  year={2020},
  pages={926--932},
  keywords={Agriculture;Machine learning;Meteorology;Soil;Machine learning algorithms;Prediction algorithms;Moisture;Precision Agriculture;Machine learning;Crop prediction;Naive Bayes;Supervised Learning;Effective farming},
  doi={10.1109/ICSSIT48917.2020.9214190}
}

@INPROCEEDINGS{9418375,
  author={A, Priyadharshini and Chakraborty, Swapneel and Kumar, Aayush and Pooniwala, Omen Rajendra},
  booktitle={2021 5th International Conference on Computing Methodologies and Communication (ICCMC)}, 
  title={Intelligent Crop Recommendation System using Machine Learning}, 
  year={2021},
  pages={843--848},
  keywords={Productivity;Urban areas;Sociology;Machine learning;Soil;Developing countries;Agriculture;Crop Recommendation;Machine Learning},
  doi={10.1109/ICCMC51019.2021.9418375}
}

@INPROCEEDINGS{8290395,
  author={Vijayabaskar, P. S. and Sreemathi, R. and Keertanaa, E.},
  booktitle={2017 International Conference on Computation of Power, Energy Information and Communication (ICCPEIC)}, 
  title={Crop prediction using predictive analytics}, 
  year={2017},
  pages={370--373},
  keywords={Soil;Data mining;Prediction algorithms;Predictive models;Fertilizers;Algorithm design and analysis;crop prediction;predictive analytics;soil fertility;sensors},
  doi={10.1109/ICCPEIC.2017.8290395}
}

@INPROCEEDINGS{7951740,
  author={Pudumalar, S. and Ramanujam, E. and Rajashree, R. Harine and Kavya, C. and Kiruthika, T. and Nisha, J.},
  booktitle={2016 Eighth International Conference on Advanced Computing (ICoAC)}, 
  title={Crop recommendation system for precision agriculture}, 
  year={2017},
  pages={32--36},
  keywords={Agriculture;Soil;Classification algorithms;Prediction algorithms;Data mining;Predictive models;Data models;Precision agriculture;Recommendation system;Ensemble model;Majority Voting technique;Random tree;CHAID;K-Nearest Neighbor and Naive Bayes},
  doi={10.1109/ICoAC.2017.7951740}
}

@INPROCEEDINGS{13458882,
  author={Onoriode, Evuarherhe and Nwobodo-Nzeribe, Nnenna and Chibueze, Kingsley},
  booktitle={Zenodo},
  title={Optimizing Crop Recommendation Systems Using Machine Learning Algorithms},
  year={2024},
  month={06},
  doi={10.5281/zenodo.13458882}
}

@ARTICLE{aimufua2024stacking,
  title={Stacking Ensemble-Based Predictive System for Crop Recommendation},
  author={Aimufua, Gilbert IO and Morufu, Olalere and Abdullahi, Muhammad Umar and Usman, Umar Faruk},
  journal={FUDMA Journal of Sciences},
  volume={8},
  number={6},
  pages={72--83},
  year={2024}
}

@ARTICLE{senapaty2024decision,
  title={A Decision Support System for Crop Recommendation Using Machine Learning Classification Algorithms},
  author={Senapaty, Murali Krishna and Ray, Abhishek and Padhy, Neelamadhab},
  journal={Agriculture},
  volume={14},
  number={8},
  pages={1256},
  year={2024},
  publisher={MDPI}
}

@INPROCEEDINGS{bharathi2022experimental,
  title={An Experimental Analysis of Crop Yield Prediction Using Modified Deep Learning Strategy},
  author={Bharathi, P Shyamala and Amudha, V and Ramkumar, G and Nagalakshmi, TJ and Nalini, N and Jagadeesh, P},
  booktitle={2022 International Conference on Advances in Computing, Communication and Applied Informatics (ACCAI)},
  pages={1--6},
  year={2022},
  organization={IEEE}
}

@INPROCEEDINGS{ramadasan2023classification,
  title={Classification of Rice-Plant Images into Healthy/Disease Class Using ResNetV2 Variants},
  author={Ramadasan, Swaetha and Ramadasan, Manigandan and Vijayakumar, K and Balaji, Gangadharam},
  booktitle={2023 International Conference on Innovative Computing, Intelligent Communication and Smart Electrical Systems (ICSES)},
  pages={1--4},
  year={2023},
  organization={IEEE}
}

@ARTICLE{kashyap2021sensing,
  title={Sensing Methodologies in Agriculture for Soil Moisture and Nutrient Monitoring},
  author={Kashyap, Bhuwan and Kumar, Ratnesh},
  journal={IEEE Access},
  volume={9},
  pages={14095--14121},
  year={2021},
  publisher={IEEE}
}

@ARTICLE{ahmed2022impact,
  title={Impact of Climate Change on Dryland Agricultural Systems: A Review of Current Status, Potentials, and Further Work Needed},
  author={Ahmed, Mukhtar and Hayat, Rifat and Ahmad, Munir and Ul-Hassan, Mahmood and Kheir, Ahmed MS and Ul-Hassan, Fayyaz and Ur-Rehman, Muhammad Habib and Shaheen, Farid Asif and Raza, Muhammad Ali and Ahmad, Shakeel},
  journal={International Journal of Plant Production},
  volume={16},
  number={3},
  pages={341--363},
  year={2022},
  publisher={Springer}
}

@ARTICLE{shehadeh2021machine,
  title={Machine Learning Models for Predicting the Residual Value of Heavy Construction Equipment: An Evaluation of Modified Decision Tree, LightGBM, and XGBoost Regression},
  author={Shehadeh, Ali and Alshboul, Odey and Al Mamlook, Rabia Emhamed and Hamedat, Ola},
  journal={Automation in Construction},
  volume={129},
  pages={103827},
  year={2021},
  publisher={Elsevier}
}

@misc{waseeAhsan2024,
  author = {Wasee Ahsan},
  title = {Multi-Crop-Recommendation-Live-Showing-Confidence},
  year = {2024},
  note = {[Online]. Available: \url{https://github.com/WaseeAhsan/Multi-Crop-Recommendation-Live-Showing-Confidence-.git}. [Accessed: Jan. 25, 2025]},
}



@misc{geeksforlearn:2024,
  author = {GeeksforGeeks},
  title = {Gradient Boosting in ML},
  year = {2024},
  month = sep,
  note = {Accessed: Sep. 29, 2024},
  howpublished = {\url{https://www.geeksforgeeks.org/ml-gradient-boosting/}},
}

@misc{ibm2025,
  author = {IBM},
  title = {What is random forest?},
  year = {2025},
  note = {Accessed: Jan. 24, 2025},
  howpublished = {\url{https://www.ibm.com/topics/random-forest#:~:text=Random%20forest%20is%20a%20commonly,both%20classification%20and%20regression%20problems.}}
}

@misc{geeksforgeeks2025,
  author = {Geeksforgeeks},
  title = {XGBoost},
  year = {2025},
  note = {Accessed: Jan. 23, 2025},
  howpublished = {\url{https://www.geeksforgeeks.org/xgboost/}}
}

@misc{javapoint2025,
  author = {Javapoint},
  title = {CatBoost in Machine Learning},
  year = {2025},
  note = {Accessed: Jan. 23, 2025},
  howpublished = {\url{https://www.javatpoint.com/catboost-in-machine-learning}}
}

@misc{geeksforgeekslogistic2025,
  title = {Differences Between Linear and Logistic Regression},
  year = {2025},
  note = {Accessed: Jan. 23, 2025},
  howpublished = {\url{https://www.geeksforgeeks.org/understanding-logistic-regression/#differences-between-linear-and-logistic-regression}}
}